<record><leader>00000cas a22000007a 4500</leader><controlfield tag="001">57396882</controlfield><controlfield tag="008">050110c19509999vauwr ne      0    0eng d</controlfield><datafield ind1=" " ind2=" " tag="010"><subfield code="a">sn2005061520</subfield></datafield><datafield ind1=" " ind2=" " tag="040"><subfield code="a">NVK</subfield><subfield code="b">eng</subfield><subfield code="c">NVK</subfield><subfield code="d">OCLCF</subfield><subfield code="d">OCLCO</subfield></datafield><datafield ind1="1" ind2=" " tag="029"><subfield code="a">AU@</subfield><subfield code="b">000026520902</subfield></datafield><datafield ind1=" " ind2=" " tag="042"><subfield code="a">msc</subfield></datafield><datafield ind1=" " ind2=" " tag="043"><subfield code="a">n-us-va</subfield></datafield><datafield ind1="0" ind2=" " tag="130"><subfield code="a">Kenbridge-Victoria dispatch (Victoria, Va. : 1950)</subfield></datafield><datafield ind1="0" ind2="4" tag="245"><subfield code="a">The Kenbridge-Victoria dispatch.</subfield></datafield><datafield ind1="3" ind2="0" tag="246"><subfield code="a">Kenbridge Victoria dispatch</subfield></datafield><datafield ind1=" " ind2=" " tag="260"><subfield code="a">Victoria, Va. :</subfield><subfield code="b">Ernest E. Franklin,</subfield><subfield code="c">1950-</subfield></datafield><datafield ind1=" " ind2=" " tag="300"><subfield code="a">v.</subfield></datafield><datafield ind1=" " ind2=" " tag="310"><subfield code="a">Weekly</subfield></datafield><datafield ind1="0" ind2=" " tag="362"><subfield code="a">Vol. 49, no. 25 (Oct. 13, 1950)-</subfield></datafield><datafield ind1=" " ind2=" " tag="500"><subfield code="a">"An independent weekly devoted to the interests of Kenbridge-Victoria and Lunenburg County."</subfield></datafield><datafield ind1=" " ind2="0" tag="651"><subfield code="a">Victoria (Va.)</subfield><subfield code="v">Newspapers.</subfield></datafield><datafield ind1=" " ind2="0" tag="651"><subfield code="a">Kenbridge (Va.)</subfield><subfield code="v">Newspapers.</subfield></datafield><datafield ind1=" " ind2="0" tag="651"><subfield code="a">Lunenburg County (Va.)</subfield><subfield code="v">Newspapers.</subfield></datafield><datafield ind1=" " ind2="7" tag="655"><subfield code="a">Newspapers.</subfield><subfield code="2">fast</subfield><subfield code="0">(OCoLC)fst01423814</subfield></datafield><datafield ind1=" " ind2="7" tag="651"><subfield code="a">Virginia</subfield><subfield code="z">Kenbridge.</subfield><subfield code="2">fast</subfield><subfield code="0">(OCoLC)fst01283785</subfield></datafield><datafield ind1=" " ind2="7" tag="651"><subfield code="a">Virginia</subfield><subfield code="z">Lunenburg County.</subfield><subfield code="2">fast</subfield><subfield code="0">(OCoLC)fst01212910</subfield></datafield><datafield ind1=" " ind2="7" tag="651"><subfield code="a">Virginia</subfield><subfield code="z">Victoria.</subfield><subfield code="2">fast</subfield><subfield code="0">(OCoLC)fst01236025</subfield></datafield><datafield ind1=" " ind2=" " tag="752"><subfield code="a">United States</subfield><subfield code="b">Virginia</subfield><subfield code="c">Lunenburg</subfield><subfield code="d">Victoria.</subfield></datafield><datafield ind1="0" ind2="0" tag="780"><subfield code="t">Victoria dispatch (Victoria, Va. : 1940)</subfield><subfield code="w">(DLC)sn 95079004</subfield></datafield></record>